@article{bamboo20,
  title={Cutting Bamboo Down to Size},
  author={Bil{\`o}, Davide and Gual{\`a}, Luciano and Leucci, Stefano and Proietti, Guido and Scornavacca, Giacomo},
  journal={FUN},
  year={2020}
}
